111122222333333444444445555511112222233333344444444555551111222223333334444444455555111122222333333444444445555511112222233333344444444555551111222223333334444444455555111122222333333444444445555511112222233333344444444555551111222223333334444444455555111122222333333444444445555511112222233333344444444555551111222223333334444444455555111122222333333444444445555511112222233333344444444555551111222223333334444444455555111122222333333444444445555511112222233333344444444555551111222223333334444444455555111122222333333444444445555511112222233333344444444555551111222223333334444444455555111122222333333444444445555511112222233333344444444555551111222223333334444444455555111122222333333444444445555511112222233333344444444555551111222223333334444444455555111122222333333444444445555511112222233333344444444555551111222223333334444444455555111122222333333444444445555511112222233333344444444555551111222223333334444444455555111122222333333444444445555511112222233333344444444555551111222223333334444444455555111122222333333444444445555511112222233333344444444555551111222223333334444444455555111122222333333444444445555511112222233333344444444555551111222223333334444444455555111122222333333444444445555511112222233333344444444555551111222223333334444444455555111122222333333444444445555511112222233333344444444555551111222223333334444444455555111122222333333444444445555511112222233333344444444555551111222223333334444444455555111122222

3333334444444455555111122222333333444444445555511112222233333344444444555551111222223333334444444455555111122222333333444444445555511112222233333344444444555551111222223333334444444455555111122222333333444444445555511112222233333344444444555551111222223333334444444455555111122222333333444444445555511112222233333344444444555551111222223333334444444455555111122222333333444444445555511112222233333344444444555551111222223333334444444455555111122222333333444444445555511112222233333344444444555551111222223333334444444455555111122222333333444444445555511112222233333344444444555551111222223333334444444455555111122222333333444444445555511112222233333344444444555551111222223333334444444455


5511112222233333344444444555551111222223333334444444455555111122222333333444444445555511112222233333344444444555551111222223333334444444455555111122222333333444444445555511112222233333344444444555551111222223333334444444455555111122222333333444444445555511112222233333344444444555551111222223333334444444455555111122222333333444444445555511112222233333344444444555551111222223333334444444455555111122222333333444444445555511112222233333344444444555551111222223333334444444455555111122222333333444444445555511112222233333344444444555551111222223333334444444455555111122222333333444444445555511112222233333344444444555551111222223333334444444455555111122222333333444444445555511112222233333344444444555551111222223333334444444455555111122222333333444444445555511112222233333344444444555551111222223333334444444455555111122222333333444444445555511112222233333344444444555551111222223333334444444455555111122222333333444444445555511112222233333344444444555551111222223333334444444455555111122222333333444444445555511112222233333344444444555551111222223333334444444455555111122222333333444444445555511112222233333344444444555551111222223333334444444455555111122222333333444444445555511112222233333344444444555551111222223333334444444455555111122222333333444444445555511112222233333344444444555551111222223333334444444455555111122222333333444444445555511112222233333344444444555551111222223333334444444455555111122222333333444444445555511112222233333344444444555551111222223333334444444455555111122222333333444444445555511112222233333344444444555551111222223333334444444455555111122222333333444444445555511112222233333344444444555551111222223333334444444455555111122222333333444444445555511112222233333344444444555551111222223333334444444455555111122222333333444444445555511112222233333344444444555551111222223333334444444455555111122222333333444444445555511112222233333344444444555551111222223333334444444455555111122222333333444444445555511112222233333344444444555551111222223333334444444455555111122222333333444444445555511112222233333344444444555551111222223333334444444455555111122222333333444444445555511112222233333344444444555551111222223333334444444455555111122222333333444444445555511112222233333344444444555551111222223333334444444455555111122222333333444444445555511112222233333344444444555551111222223333334444444455555111122222333333444444445555511112222233333344444444555551111222223333334444444455555111122222333333444444445555511112222233333344444444555551111222223333334444444455555111122222333333444444445555511112222233333344444444555551111222223333334444444455555111122222333333444444445555511112222233333344444444555551111222223333334444444455555111122222333333444444445555511112222233333344444444555551111222223333334444444455555111122222333333444444445555511112222233333344444444555551111222223333334444444455555111122222333333444444445555511112222233333344444444555551111222223333334444444455555111122222333333444444445555511112222233333344444444555551111222223333334444444455555111122222333333444444445555511112222233333344444444555551111222223333334444444455555111122222333333444444445555511112222233333344444444555551111222223333334444444455555111122222333333444444445555511112222233333344444444555551111222223333334444444455555111122222333333444444445555511112222233333344444444555551111222223333334444444455555111122222333333444444445555511112222233333344444444555551111222223333334444444455555111122222333333444444445555511112222233333344444444555551111222223333334444444455555111122222333333444444445555511112222233333344444444555551111222223333334444444455555111122222333333444444445555511112222233333344444444555551111222223333334444444455555111122222333333444444445555511112222233333344444444555551111222223333334444444455555111122222333333444444445555511112222233333344444444555551111222223333334444444455555111122222333333444444445555511112222233333344444444555551111222223333334444444455555111122222333333444444445555511112222233333344444444555551111222223333334444444455555111122222333333444444445555511112222233333344444444555551111222223333334444444455555111122222333333444444445555511112222233333344444444555551111222223333334444444455555111122222333333444444445555511112222233333344444444555551111222223333334444444455555111122222333333444444445555511112222233333344444444555551111222223333334444444455555111122222333333444444445555511112222233333344444444555551111222223333334444444455555111122222333333444444445555511112222233333344444444555551111222223333334444444455555111122222333333444444445555511112222233333344444444555551111222223333334444444455555111122222333333444444445555511112222233333344444444555551111222223333334444444455555111122222333333444444445555511112222233333344444444555551111222223333334444444455555111122222333333444444445555511112222233333344444444555551111222223333334444444455555111122222333333444444445555511112222233333344444444555551111222223333334444444455555111122222333333444444445555511112222233333344444444555551111222223333334444444455555111122222333333444444445555511112222233333344444444555551111222223333334444444455555111122222333333444444445555511112222233333344444444555551111222223333334444444455555111122222333333444444445555511112222233333344444444555551111222223333334444444455555111122222333333444444445555511112222233333344444444555551111222223333334444444455555111122222333333444444445555511112222233333344444444555551111222223333334444444455555111122222333333444444445555511112222233333344444444555551111222223333334444444455555111122222333333444444445555511112222233333344444444555551111222223333334444444455555111122222333333444444445555511112222233333344444444555551111222223333334444444455555111122222333333444444445555511112222233333344444444555551111222223333334444444455555111122222333333444444445555511112222233333344444444555551111222223333334444444455555111122222333333444444445555511112222233333344444444555551111222223333334444444455555111122222333333444444445555511112222233333344444444555551111222223333334444444455555111122222333333444444445555511112222233333344444444555551111222223333334444444455555111122222333333444444445555511112222233333344444444555551111222223333334444444455555111122222333333444444445555511112222233333344444444555551111222223333334444444455555111122222333333444444445555511112222233333344444444555551111222223333334444444455555111122222333333444444445555511112222233333344444444555551111222223333334444444455555111122222333333444444445555511112222233333344444444555551111222223333334444444455555111122222333333444444445555511112222233333344444444555551111222223333334444444455555111122222333333444444445555511112222233333344444444555551111222223333334444444455555111122222333333444444445555511112222233333344444444555551111222223333334444444455555111122222333333444444445555511112222233333344444444555551111222223333334444444455555111122222333333444444445555511112222233333344444444555551111222223333334444444455555111122222333333444444445555511112222233333344444444555551111222223333334444444455555111122222333333444444445555511112222233333344444444555551111222223333334444444455555111122222333333444444445555511112222233333344444444555551111222223333334444444455555111122222333333444444445555511112222233333344444444555551111222223333334444444455555111122222333333444444445555511112222233333344444444555551111222223333334444444455555111122222333333444444445555511112222233333344444444555551111222223333334444444455555111122222333333444444445555511112222233333344444444555551111222223333334444444455555111122222333333444444445555511112222233333344444444555551111222223333334444444455555111122222333333444444445555511112222233333344444444555551111222223333334444444455555111122222333333444444445555511112222233333344444444555551111222223333334444444455555111122222333333444444445555511112222233333344444444555551111222223333334444444455555111122222333333444444445555511112222233333344444444555551111222223333334444444455555111122222333333444444445555511112222233333344444444555551111222223333334444444455555111122222333333444444445555511112222233333344444444555551111222223333334444444455555111122222333333444444445555511112222233333344444444555551111222223333334444444455555111122222333333444444445555511112222233333344444444555551111222223333334444444455555111122222333333444444445555511112222233333344444444555551111222223333334444444455555111122222333333444444445555511112222233333344444444555551111222223333334444444455555111122222333333444444445555511112222233333344444444555551111222223333334444444455555111122222333333444444445555511112222233333344444444555551111222223333334444444455555111122222333333444444445555511112222233333344444444555551111222223333334444444455555111122222333333444444445555511112222233333344444444555551111222223333334444444455555111122222333333444444445555511112222233333344444444555551111222223333334444444455555111122222333333444444445555511112222233333344444444555551111222223333334444444455555111122222333333444444445555511112222233333344444444555551111222223333334444444455555111122222333333444444445555511112222233333344444444555551111222223333334444444455555111122222333333444444445555511112222233333344444444555551111222223333334444444455555111122222333333444444445555511112222233333344444444555551111222223333334444444455555111122222333333444444445555511112222233333344444444555551111222223333334444444455555111122222333333444444445555511112222233333344444444555551111222223333334444444455555111122222333333444444445555511112222233333344444444555551111222223333334444444455555111122222333333444444445555511112222233333344444444555551111222223333334444444455555111122222333333444444445555511112222233333344444444555551111222223333334444444455555111122222333333444444445555511112222233333344444444555551111222223333334444444455555111122222333333444444445555511112222233333344444444555551111222223333334444444455555111122222333333444444445555511112222233333344444444555551111222223333334444444455555111122222333333444444445555511112222233333344444444555551111222223333334444444455555111122222333333444444445555511112222233333344444444555551111222223333334444444455555111122222333333444444445555511112222233333344444444555551111222223333334444444455555111122222333333444444445555511112222233333344444444555551111222223333334444444455555111122222333333444444445555511112222233333344444444555551111222223333334444444455555111122222333333444444445555511112222233333344444444555551111222223333334444444455555111122222333333444444445555511112222233333344444444555551111222223333334444444455555111122222333333444444445555511112222233333344444444555551111222223333334444444455555111122222333333444444445555511112222233333344444444555551111222223333334444444455555111122222333333444444445555511112222233333344444444555551111222223333334444444455555111122222333333444444445555511112222233333344444444555551111222223333334444444455555111122222333333444444445555511112222233333344444444555551111222223333334444444455555111122222333333444444445555511112222233333344444444555551111222223333334444444455555111122222333333444444445555511112222233333344444444555551111222223333334444444455555111122222333333444444445555511112222233333344444444555551111222223333334444444455555111122222333333444444445555511112222233333344444444555551111222223333334444444455555111122222333333444444445555511112222233333344444444555551111222223333334444444455555111122222333333444444445555511112222233333344444444555551111222223333334444444455555111122222333333444444445555511112222233333344444444555551111222223333334444444455555111122222333333444444445555511112222233333344444444555551111222223333334444444455555111122222333333444444445555511112222233333344444444555551111222223333334444444455555111122222333333444444445555511112222233333344444444555551111222223333334444444455555111122222333333444444445555511112222233333344444444555551111222223333334444444455555111122222333333444444445555511112222233333344444444555551111222223333334444444455555111122222333333444444445555511112222233333344444444555551111222223333334444444455555111122222333333444444445555511112222233333344444444555551111222223333334444444455555111122222333333444444445555511112222233333344444444555551111222223333334444444455555111122222333333444444445555511112222233333344444444555551111222223333334444444455555111122222333333444444445555511112222233333344444444555551111222223333334444444455555111122222333333444444445555511112222233333344444444555551111222223333334444444455555111122222333333444444445555511112222233333344444444555551111222223333334444444455555111122222333333444444445555511112222233333344444444555551111222223333334444444455555111122222333333444444445555511112222233333344444444555551111222223333334444444455555111122222333333444444445555511112222233333344444444555551111222223333334444444455555111122222333333444444445555511112222233333344444444555551111222223333334444444455555111122222333333444444445555511112222233333344444444555551111222223333334444444455555111122222333333444444445555511112222233333344444444555551111222223333334444444455555111122222333333444444445555511112222233333344444444555551111222223333334444444455555111122222333333444444445555511112222233333344444444555551111222223333334444444455555111122222333333444444445555511112222233333344444444555551111222223333334444444455555111122222333333444444445555511112222233333344444444555551111222223333334444444455555111122222333333444444445555511112222233333344444444555551111222223333334444444455555111122222333333444444445555511112222233333344444444555551111222223333334444444455555111122222333333444444445555511112222233333344444444555551111222223333334444444455555111122222333333444444445555511112222233333344444444555551111222223333334444444455555111122222333333444444445555511112222233333344444444555551111222223333334444444455555111122222333333444444445555511112222233333344444444555551111222223333334444444455555111122222333333444444445555511112222233333344444444555551111222223333334444444455555111122222333333444444445555511112222233333344444444555551111222223333334444444455555111122222333333444444445555511112222233333344444444555551111222223333334444444455555111122222333333444444445555511112222233333344444444555551111222223333334444444455555111122222333333444444445555511112222233333344444444555551111222223333334444444455555111122222333333444444445555511112222233333344444444555551111222223333334444444455555111122222333333444444445555511112222233333344444444555551111222223333334444444455555111122222333333444444445555511112222233333344444444555551111222223333334444444455555111122222333333444444445555511112222233333344444444555551111222223333334444444455555111122222333333444444445555511112222233333344444444555551111222223333334444444455555111122222333333444444445555511112222233333344444444555551111222223333334444444455555111122222333333444444445555511112222233333344444444555551111222223333334444444455555111122222333333444444445555511112222233333344444444555551111222223333334444444455555111122222333333444444445555511112222233333344444444555551111222223333334444444455555111122222333333444444445555511112222233333344444444555551111222223333334444444455555111122222333333444444445555511112222233333344444444555551111222223333334444444455555111122222333333444444445555511112222233333344444444555551111222223333334444444455555111122222333333444444445555511112222233333344444444555551111222223333334444444455555111122222333333444444445555511112222233333344444444555551111222223333334444444455555111122222333333444444445555511112222233333344444444555551111222223333334444444455555111122222333333444444445555511112222233333344444444555551111222223333334444444455555111122222333333444444445555511112222233333344444444555551111222223333334444444455555111122222333333444444445555511112222233333344444444555551111222223333334444444455555111122222333333444444445555511112222233333344444444555551111222223333334444444455555111122222333333444444445555511112222233333344444444555551111222223333334444444455555111122222333333444444445555511112222233333344444444555551111222223333334444444455555111122222333333444444445555511112222233333344444444555551111222223333334444444455555111122222333333444444445555511112222233333344444444555551111222223333334444444455555111122222333333444444445555511112222233333344444444555551111222223333334444444455555111122222333333444444445555511112222233333344444444555551111222223333334444444455555111122222333333444444445555511112222233333344444444555551111222223333334444444455555111122222333333444444445555511112222233333344444444555551111222223333334444444455555111122222333333444444445555511112222233333344444444555551111222223333334444444455555111122222333333444444445555511112222233333344444444555551111222223333334444444455555111122222333333444444445555511112222233333344444444555551111222223333334444444455555111122222333333444444445555511112222233333344444444555551111222223333334444444455555111122222333333444444445555511112222233333344444444555551111222223333334444444455555111122222333333444444445555511112222233333344444444555551111222223333334444444455555111122222333333444444445555511112222233333344444444555551111222223333334444444455555111122222333333444444445555511112222233333344444444555551111222223333334444444455555111122222333333444444445555511112222233333344444444555551111222223333334444444455555111122222333333444444445555511112222233333344444444555551111222223333334444444455555111122222333333444444445555511112222233333344444444555551111222223333334444444455555111122222333333444444445555511112222233333344444444555551111222223333334444444455555111122222333333444444445555511112222233333344444444555551111222223333334444444455555111122222333333444444445555511112222233333344444444555551111222223333334444444455555111122222333333444444445555511112222233333344444444555551111222223333334444444455555111122222333333444444445555511112222233333344444444555551111222223333334444444455555111122222333333444444445555511112222233333344444444555551111222223333334444444455555111122222333333444444445555511112222233333344444444555551111222223333334444444455555111122222333333444444445555511112222233333344444444555551111222223333334444444455555111122222333333444444445555511112222233333344444444555551111222223333334444444455555111122222333333444444445555511112222233333344444444555551111222223333334444444455555111122222333333444444445555511112222233333344444444555551111222223333334444444455555111122222333333444444445555511112222233333344444444555551111222223333334444444455555111122222333333444444445555511112222233333344444444555551111222223333334444444455555111122222333333444444445555511112222233333344444444555551111222223333334444444455555111122222333333444444445555511112222233333344444444555551111222223333334444444455555111122222333333444444445555511112222233333344444444555551111222223333334444444455555111122222333333444444445555511112222233333344444444555551111222223333334444444455555111122222333333444444445555511112222233333344444444555551111222223333334444444455555111122222333333444444445555511112222233333344444444555551111222223333334444444455555111122222333333444444445555511112222233333344444444555551111222223333334444444455555111122222333333444444445555511112222233333344444444555551111222223333334444444455555111122222333333444444445555511112222233333344444444555551111222223333334444444455555111122222333333444444445555511112222233333344444444555551111222223333334444444455555111122222333333444444445555511112222233333344444444555551111222223333334444444455555111122222333333444444445555511112222233333344444444555551111222223333334444444455555111122222333333444444445555511112222233333344444444555551111222223333334444444455555111122222333333444444445555511112222233333344444444555551111222223333334444444455555111122222333333444444445555511112222233333344444444555551111222223333334444444455555111122222333333444444445555511112222233333344444444555551111222223333334444444455555111122222333333444444445555511112222233333344444444555551111222223333334444444455555111122222333333444444445555511112222233333344444444555551111222223333334444444455555111122222333333444444445555511112222233333344444444555551111222223333334444444455555111122222333333444444445555511112222233333344444444555551111222223333334444444455555111122222333333444444445555511112222233333344444444555551111222223333334444444455555111122222333333444444445555511112222233333344444444555551111222223333334444444455555111122222333333444444445555511112222233333344444444555551111222223333334444444455555111122222333333444444445555511112222233333344444444555551111222223333334444444455555111122222333333444444445555511112222233333344444444555551111222223333334444444455555111122222333333444444445555511112222233333344444444555551111222223333334444444455555111122222333333444444445555511112222233333344444444555551111222223333334444444455555111122222333333444444445555511112222233333344444444555551111222223333334444444455555111122222333333444444445555511112222233333344444444555551111222223333334444444455555111122222333333444444445555511112222233333344444444555551111222223333334444444455555111122222333333444444445555511112222233333344444444555551111222223333334444444455555111122222333333444444445555511112222233333344444444555551111222223333334444444455555111122222333333444444445555511112222233333344444444555551111222223333334444444455555111122222333333444444445555511112222233333344444444555551111222223333334444444455555111122222333333444444445555511112222233333344444444555551111222223333334444444455555111122222333333444444445555511112222233333344444444555551111222223333334444444455555111122222333333444444445555511112222233333344444444555551111222223333334444444455555111122222333333444444445555511112222233333344444444555551111222223333334444444455555111122222333333444444445555511112222233333344444444555551111222223333334444444455555111122222333333444444445555511112222233333344444444555551111222223333334444444455555111122222333333444444445555511112222233333344444444555551111222223333334444444455555111122222333333444444445555511112222233333344444444555551111222223333334444444455555111122222333333444444445555511112222233333344444444555551111222223333334444444455555111122222333333444444445555511112222233333344444444555551111222223333334444444455555111122222333333444444445555511112222233333344444444555551111222223333334444444455555111122222333333444444445555511112222233333344444444555551111222223333334444444455555111122222333333444444445555511112222233333344444444555551111222223333334444444455555111122222333333444444445555511112222233333344444444555551111222223333334444444455555111122222333333444444445555511112222233333344444444555551111222223333334444444455555111122222333333444444445555511112222233333344444444555551111222223333334444444455555111122222333333444444445555511112222233333344444444555551111222223333334444444455555111122222333333444444445555511112222233333344444444555551111222223333334444444455555111122222333333444444445555511112222233333344444444555551111222223333334444444455555111122222333333444444445555511112222233333344444444555551111222223333334444444455555111122222333333444444445555511112222233333344444444555551111222223333334444444455555111122222333333444444445555511112222233333344444444555551111222223333334444444455555111122222333333444444445555511112222233333344444444555551111222223333334444444455555111122222333333444444445555511112222233333344444444555551111222223333334444444455555111122222333333444444445555511112222233333344444444555551111222223333334444444455555111122222333333444444445555511112222233333344444444555551111222223333334444444455555111122222333333444444445555511112222233333344444444555551111222223333334444444455555111122222333333444444445555511112222233333344444444555551111222223333334444444455555111122222333333444444445555511112222233333344444444555551111222223333334444444455555111122222333333444444445555511112222233333344444444555551111222223333334444444455555111122222333333444444445555511112222233333344444444555551111222223333334444444455555111122222333333444444445555511112222233333344444444555551111222223333334444444455555111122222333333444444445555511112222233333344444444555551111222223333334444444455555111122222333333444444445555511112222233333344444444555551111222223333334444444455555111122222333333444444445555511112222233333344444444555551111222223333334444444455555111122222333333444444445555511112222233333344444444555551111222223333334444444455555111122222333333444444445555511112222233333344444444555551111222223333334444444455555111122222333333444444445555511112222233333344444444555551111222223333334444444455555111122222333333444444445555511112222233333344444444555551111222223333334444444455555111122222333333444444445555511112222233333344444444555551111222223333334444444455555111122222333333444444445555511112222233333344444444555551111222223333334444444455555111122222333333444444445555511112222233333344444444555551111222223333334444444455555111122222333333444444445555511112222233333344444444555551111222223333334444444455555111122222333333444444445555511112222233333344444444555551111222223333334444444455555111122222333333444444445555511112222233333344444444555551111222223333334444444455555111122222333333444444445555511112222233333344444444555551111222223333334444444455555111122222333333444444445555511112222233333344444444555551111222223333334444444455555111122222333333444444445555511112222233333344444444555551111222223333334444444455555111122222333333444444445555511112222233333344444444555551111222223333334444444455555111122222333333444444445555511112222233333344444444555551111222223333334444444455555111122222333333444444445555511112222233333344444444555551111222223333334444444455555111122222333333444444445555511112222233333344444444555551111222223333334444444455555111122222333333444444445555511112222233333344444444555551111222223333334444444455555111122222333333444444445555511112222233333344444444555551111222223333334444444455555111122222333333444444445555511112222233333344444444555551111222223333334444444455555111122222333333444444445555511112222233333344444444555551111222223333334444444455555111122222333333444444445555511112222233333344444444555551111222223333334444444455555111122222333333444444445555511112222233333344444444555551111222223333334444444455555111122222333333444444445555511112222233333344444444555551111222223333334444444455555111122222333333444444445555511112222233333344444444555551111222223333334444444455555111122222333333444444445555511112222233333344444444555551111222223333334444444455555111122222333333444444445555511112222233333344444444555551111222223333334444444455555111122222333333444444445555511112222233333344444444555551111222223333334444444455555111122222333333444444445555511112222233333344444444555551111222223333334444444455555111122222333333444444445555511112222233333344444444555551111222223333334444444455555111122222333333444444445555511112222233333344444444555551111222223333334444444455555111122222333333444444445555511112222233333344444444555551111222223333334444444455555111122222333333444444445555511112222233333344444444555551111222223333334444444455555111122222333333444444445555511112222233333344444444555551111222223333334444444455555111122222333333444444445555511112222233333344444444555551111222223333334444444455555111122222333333444444445555511112222233333344444444555551111222223333334444444455555111122222333333444444445555511112222233333344444444555551111222223333334444444455555111122222333333444444445555511112222233333344444444555551111222223333334444444455555111122222333333444444445555511112222233333344444444555551111222223333334444444455555111122222333333444444445555511112222233333344444444555551111222223333334444444455555111122222333333444444445555511112222233333344444444555551111222223333334444444455555111122222333333444444445555511112222233333344444444555551111222223333334444444455555111122222333333444444445555511112222233333344444444555551111222223333334444444455555111122222333333444444445555511112222233333344444444555551111222223333334444444455555111122222333333444444445555511112222233333344444444555551111222223333334444444455555111122222333333444444445555511112222233333344444444555551111222223333334444444455555111122222333333444444445555511112222233333344444444555551111222223333334444444455555111122222333333444444445555511112222233333344444444555551111222223333334444444455555111122222333333444444445555511112222233333344444444555551111222223333334444444455555111122222333333444444445555511112222233333344444444555551111222223333334444444455555111122222333333444444445555511112222233333344444444555551111222223333334444444455555111122222333333444444445555511112222233333344444444555551111222223333334444444455555111122222333333444444445555511112222233333344444444555551111222223333334444444455555111122222333333444444445555511112222233333344444444555551111222223333334444444455555111122222333333444444445555511112222233333344444444555551111222223333334444444455555111122222333333444444445555511112222233333344444444555551111222223333334444444455555111122222333333444444445555511112222233333344444444555551111222223333334444444455555111122222333333444444445555511112222233333344444444555551111222223333334444444455555111122222333333444444445555511112222233333344444444555551111222223333334444444455555111122222333333444444445555511112222233333344444444555551111222223333334444444455555111122222333333444444445555511112222233333344444444555551111222223333334444444455555111122222333333444444445555511112222233333344444444555551111222223333334444444455555111122222333333444444445555511112222233333344444444555551111222223333334444444455555111122222333333444444445555511112222233333344444444555551111222223333334444444455555111122222333333444444445555511112222233333344444444555551111222223333334444444455555111122222333333444444445555511112222233333344444444555551111222223333334444444455555111122222333333444444445555511112222233333344444444555551111222223333334444444455555111122222333333444444445555511112222233333344444444555551111222223333334444444455555111122222333333444444445555511112222233333344444444555551111222223333334444444455555111122222333333444444445555511112222233333344444444555551111222223333334444444455555111122222333333444444445555511112222233333344444444555551111222223333334444444455555111122222333333444444445555511112222233333344444444555551111222223333334444444455555111122222333333444444445555511112222233333344444444555551111222223333334444444455555111122222333333444444445555511112222233333344444444555551111222223333334444444455555111122222333333444444445555511112222233333344444444555551111222223333334444444455555111122222333333444444445555511112222233333344444444555551111222223333334444444455555111122222333333444444445555511112222233333344444444555551111222223333334444444455555111122222333333444444445555511112222233333344444444555551111222223333334444444455555111122222333333444444445555511112222233333344444444555551111222223333334444444455555111122222333333444444445555511112222233333344444444555551111222223333334444444455555111122222333333444444445555511112222233333344444444555551111222223333334444444455555111122222333333444444445555511112222233333344444444555551111222223333334444444455555111122222333333444444445555511112222233333344444444555551111222223333334444444455555111122222333333444444445555511112222233333344444444555551111222223333334444444455555111122222333333444444445555511112222233333344444444555551111222223333334444444455555111122222333333444444445555511112222233333344444444555551111222223333334444444455555111122222333333444444445555511112222233333344444444555551111222223333334444444455555111122222333333444444445555511112222233333344444444555551111222223333334444444455555111122222333333444444445555511112222233333344444444555551111222223333334444444455555111122222333333444444445555511112222233333344444444555551111222223333334444444455555111122222333333444444445555511112222233333344444444555551111222223333334444444455555111122222333333444444445555511112222233333344444444555551111222223333334444444455555111122222333333444444445555511112222233333344444444555551111222223333334444444455555111122222333333444444445555511112222233333344444444555551111222223333334444444455555111122222333333444444445555511112222233333344444444555551111222223333334444444455555111122222333333444444445555511112222233333344444444555551111222223333334444444455555111122222333333444444445555511112222233333344444444555551111222223333334444444455555111122222333333444444445555511112222233333344444444555551111222223333334444444455555111122222333333444444445555511112222233333344444444555551111222223333334444444455555111122222333333444444445555511112222233333344444444555551111222223333334444444455555111122222333333444444445555511112222233333344444444555551111222223333334444444455555111122222333333444444445555511112222233333344444444555551111222223333334444444455555111122222333333444444445555511112222233333344444444555551111222223333334444444455555111122222333333444444445555511112222233333344444444555551111222223333334444444455555111122222333333444444445555511112222233333344444444555551111222223333334444444455555111122222333333444444445555511112222233333344444444555551111222223333334444444455555111122222333333444444445555511112222233333344444444555551111222223333334444444455555111122222333333444444445555511112222233333344444444555551111222223333334444444455555111122222333333444444445555511112222233333344444444555551111222223333334444444455555111122222333333444444445555511112222233333344444444555551111222223333334444444455555111122222333333444444445555511112222233333344444444555551111222223333334444444455555111122222333333444444445555511112222233333344444444555551111222223333334444444455555111122222333333444444445555511112222233333344444444555551111222223333334444444455555111122222333333444444445555511112222233333344444444555551111222223333334444444455555111122222333333444444445555511112222233333344444444555551111222223333334444444455555111122222333333444444445555511112222233333344444444555551111222223333334444444455555111122222333333444444445555511112222233333344444444555551111222223333334444444455555111122222333333444444445555511112222233333344444444555551111222223333334444444455555111122222333333444444445555511112222233333344444444555551111222223333334444444455555111122222333333444444445555511112222233333344444444555551111222223333334444444455555111122222333333444444445555511112222233333344444444555551111222223333334444444455555111122222333333444444445555511112222233333344444444555551111222223333334444444455555111122222333333444444445555511112222233333344444444555551111222223333334444444455555111122222333333444444445555511112222233333344444444555551111222223333334444444455555111122222333333444444445555511112222233333344444444555551111222223333334444444455555111122222333333444444445555511112222233333344444444555551111222223333334444444455555111122222333333444444445555511112222233333344444444555551111222223333334444444455555111122222333333444444445555511112222233333344444444555551111222223333334444444455555111122222333333444444445555511112222233333344444444555551111222223333334444444455555111122222333333444444445555511112222233333344444444555551111222223333334444444455555111122222333333444444445555511112222233333344444444555551111222223333334444444455555111122222333333444444445555511112222233333344444444555551111222223333334444444455555111122222333333444444445555511112222233333344444444555551111222223333334444444455555111122222333333444444445555511112222233333344444444555551111222223333334444444455555111122222333333444444445555511112222233333344444444555551111222223333334444444455555111122222333333444444445555511112222233333344444444555551111222223333334444444455555111122222333333444444445555511112222233333344444444555551111222223333334444444455555111122222333333444444445555511112222233333344444444555551111222223333334444444455555111122222333333444444445555511112222233333344444444555551111222223333334444444455555111122222333333444444445555511112222233333344444444555551111222223333334444444455555